@inproceedings{cortes2015structural,
  title={Structural Maxent Models},
  author={Cortes, Corinna and Kuznetsov, Vitaly and Mohri, Mehryar and Syed, Umar},
  booktitle={Proceedings of The 32nd International Conference on Machine Learning},
  pages={391--399},
  year={2015}
}

@article{word2vec1,
  title={Efficient estimation of word representations in vector space},
  author={Mikolov, Tomas and Chen, Kai and Corrado, Greg and Dean, Jeffrey},
  journal={arXiv preprint arXiv:1301.3781},
  year={2013}
}

@inproceedings{word2vec2,
  title={Distributed representations of words and phrases and their compositionality},
  author={Mikolov, Tomas and Sutskever, Ilya and Chen, Kai and Corrado, Greg S and Dean, Jeff},
  booktitle={Advances in neural information processing systems},
  pages={3111--3119},
  year={2013}
}
